% ----------------------------------------- ARTICLES -- -------------------------------------------
@article{George1955A,
  title={A Method for Synthesizing Sequential Circuits},
  author={George, H.},
  journal={Bell System Technical Journal},
  volume={34},
  number={5},
  pages={1045--1079},
  year={1955},
}

% -------------------------------------- INPROCEEDINGS --------------------------------------------
@inproceedings{DBLP:conf/fase/RaffeltS06,
  author    = {Harald Raffelt and
    Bernhard Steffen},
  title     = {LearnLib: {A} Library for Automata Learning and Experimentation},
  booktitle = {Proceedings of {FASE} 2006}, 
  pages     = {377--380},
  year      = {2006},
  crossref  = {DBLP:conf/fase/2006},
  url       = {http://dx.doi.org/10.1007/11693017_28},
  doi       = {10.1007/11693017_28},
  timestamp = {Thu, 28 May 2015 17:23:23 +0200},
  biburl    = {http://dblp.uni-trier.de/rec/bib/conf/fase/RaffeltS06},
  bibsource = {dblp computer science bibliography, http://dblp.org}
}

@inproceedings{DBLP:conf/sefm/ArbabBBR04,
  author    = {Farhad Arbab and
    Christel Baier and
      Frank S. de Boer and
      Jan J. M. M. Rutten},
  title     = {Models and Temporal Logics for Timed Component Connectors},
  booktitle = {Proceedings of {SEFM} 2004},
  pages     = {198--207},
  year      = {2004},
  crossref  = {DBLP:conf/sefm/2004},
  url       = {http://doi.ieeecomputersociety.org/10.1109/SEFM.2004.27},
  doi       = {10.1109/SEFM.2004.27},
  timestamp = {Thu, 28 May 2015 17:23:22 +0200},
  biburl    = {http://dblp.uni-trier.de/rec/bib/conf/sefm/ArbabBBR04},
  bibsource = {dblp computer science bibliography, http://dblp.org}
}

@inproceedings{DBLP:conf/fmoods/MengA07,
  author    = {Sun Meng and
    Farhad Arbab},
  title     = {On Resource-Sensitive Timed Component Connectors},
  booktitle = {Proceedings of {FMOODS} 2007},
  pages     = {301--316},
  year      = {2007},
  crossref  = {DBLP:conf/fmoods/2007},
  url       = {http://dx.doi.org/10.1007/978-3-540-72952-5_19},
  doi       = {10.1007/978-3-540-72952-5_19},
  timestamp = {Wed, 16 Dec 2009 10:46:40 +0100},
  biburl    = {http://dblp.uni-trier.de/rec/bib/conf/fmoods/MengA07},
  bibsource = {dblp computer science bibliography, http://dblp.org}
}

@inproceedings{DBLP:conf/icfem/ChenSS14,
  author    = {Xiaohong Chen and
    Jun Sun and
      Meng Sun},
  title     = {A Hybrid Model of Connectors in Cyber-Physical Systems},
  booktitle = {Proceedings of {ICFEM} 2014},
  pages     = {59--74},
  year      = {2014},
  crossref  = {DBLP:conf/icfem/2014},
  url       = {http://dx.doi.org/10.1007/978-3-319-11737-9_5},
  doi       = {10.1007/978-3-319-11737-9_5},
  timestamp = {Fri, 17 Oct 2014 08:05:42 +0200},
  biburl    = {http://dblp.uni-trier.de/rec/bib/conf/icfem/ChenSS14},
  bibsource = {dblp computer science bibliography, http://dblp.org}
}

@inproceedings{DBLP:journals/jmlr/SteffenHI12,
  author    = {Bernhard Steffen and
    Falk Howar and
      Malte Isberner},
  title     = {Active Automata Learning: From DFAs to Interface Programs and Beyond},
  booktitle = {Proceedings of {ICGI} 2012},
  pages     = {195--209},
  year      = {2012},
  crossref  = {DBLP:conf/icgi/2012},
  url       = {http://jmlr.csail.mit.edu/proceedings/papers/v21/steffen12a.html},
  timestamp = {Thu, 11 Sep 2014 07:28:55 +0200},
  biburl    = {http://dblp.uni-trier.de/rec/bib/journals/jmlr/SteffenHI12},
  bibsource = {dblp computer science bibliography, http://dblp.org}
}

@inproceedings{DBLP:conf/cav/ClarkeGJLV00,
  author    = {Edmund M. Clarke and
    Orna Grumberg and
      Somesh Jha and
      Yuan Lu and
      Helmut Veith},
  title     = {Counterexample-Guided Abstraction Refinement},
  booktitle = {Proceedings of {CAV} 2000},
  pages     = {154--169},
  year      = {2000},
  crossref  = {DBLP:conf/cav/2000},
  url       = {http://dx.doi.org/10.1007/10722167_15},
  doi       = {10.1007/10722167_15},
  timestamp = {Tue, 21 Jun 2011 16:38:39 +0200},
  biburl    = {http://dblp.uni-trier.de/rec/bib/conf/cav/ClarkeGJLV00},
  bibsource = {dblp computer science bibliography, http://dblp.org}
}

@inproceedings{DBLP:conf/tase/Meng12,
  author    = {Sun Meng},
  title     = {Connectors as Designs: The Time Dimension},
  booktitle = {Proceedings of {TASE} 2012},
  pages     = {201--208},
  year      = {2012},
  crossref  = {DBLP:conf/tase/2012},
  url       = {http://dx.doi.org/10.1109/TASE.2012.36},
  doi       = {10.1109/TASE.2012.36},
  timestamp = {Mon, 01 Dec 2014 19:24:57 +0100},
  biburl    = {http://dblp.uni-trier.de/rec/bib/conf/tase/Meng12},
  bibsource = {dblp computer science bibliography, http://dblp.org}
}

@inproceedings{DBLP:conf/tase/LiCWS15,
  author    = {Shaodong Li and
    Xiaohong Chen and
      Yiwu Wang and
      Meng Sun},
  title     = {A Framework for Off-Line Conformance Testing of Timed Connectors},
  booktitle = {Proceedings of {TASE} 2015},
  pages     = {15--22},
  year      = {2015},
  crossref  = {DBLP:conf/tase/2015},
  url       = {http://dx.doi.org/10.1109/TASE.2015.9},
  doi       = {10.1109/TASE.2015.9},
  timestamp = {Mon, 09 Nov 2015 19:10:54 +0100},
  biburl    = {http://dblp.uni-trier.de/rec/bib/conf/tase/LiCWS15},
  bibsource = {dblp computer science bibliography, http://dblp.org}
}

@inproceedings{DBLP:conf/sfm/SteffenHM11,
  author    = {Bernhard Steffen and
    Falk Howar and
      Maik Merten},
  title     = {Introduction to Active Automata Learning from a Practical Perspective},
  booktitle = {Proceedings of {SFM} 2011},
  pages     = {256--296},
  year      = {2011},
  crossref  = {DBLP:conf/sfm/2011},
  url       = {http://dx.doi.org/10.1007/978-3-642-21455-4_8},
  doi       = {10.1007/978-3-642-21455-4_8},
  timestamp = {Wed, 15 Jun 2011 13:45:11 +0200},
  biburl    = {http://dblp.uni-trier.de/rec/bib/conf/sfm/SteffenHM11},
  bibsource = {dblp computer science bibliography, http://dblp.org}
}

@inproceedings{DBLP:conf/isola/VolpatoT14,
  author    = {Michele Volpato and
    Jan Tretmans},
  title     = {Active Learning of Nondeterministic Systems from an ioco Perspective},
  booktitle = {Proceedings of {ISoLA} 2014, Part {I}},
  pages     = {220--235},
  year      = {2014},
  crossref  = {DBLP:conf/isola/2014-1},
  url       = {http://dx.doi.org/10.1007/978-3-662-45234-9_16},
  doi       = {10.1007/978-3-662-45234-9_16},
  timestamp = {Fri, 26 Sep 2014 12:54:01 +0200},
  biburl    = {http://dblp.uni-trier.de/rec/bib/conf/isola/VolpatoT14},
  bibsource = {dblp computer science bibliography, http://dblp.org}
}


% ------------------------------------- THE PROCEEDINGS -------------------------------------------

@proceedings{DBLP:conf/fase/2006,
  title     = {Fundamental Approaches to Software Engineering, 9th International
    Conference, {FASE} 2006, Held as Part of the Joint European Conferences
      on Theory and Practice of Software, {ETAPS} 2006, Vienna, Austria,
    March 27-28, 2006, Proceedings},
  series    = {LNCS},
  volume    = {3922},
  publisher = {Springer},
  year      = {2006},
  url       = {http://dx.doi.org/10.1007/11693017},
  doi       = {10.1007/11693017},
  isbn      = {3-540-33093-3},
  timestamp = {Thu, 28 May 2015 17:23:23 +0200},
  biburl    = {http://dblp.uni-trier.de/rec/bib/conf/fase/2006},
  bibsource = {dblp computer science bibliography, http://dblp.org}
}

@proceedings{DBLP:conf/sefm/2004,
  title     = {{SEFM} 2004},
  publisher = {{IEEE} Computer Society},
  year      = {2004},
  url       = {http://ieeexplore.ieee.org/xpl/mostRecentIssue.jsp?punumber=9328},
  isbn      = {0-7695-2222-X},
  timestamp = {Thu, 28 May 2015 17:23:22 +0200},
  biburl    = {http://dblp.uni-trier.de/rec/bib/conf/sefm/2004},
  bibsource = {dblp computer science bibliography, http://dblp.org}
}

@proceedings{DBLP:conf/fmoods/2007,
  title     = {Formal Methods for Open Object-Based Distributed Systems, 9th {IFIP}
    {WG} 6.1 International Conference, {FMOODS} 2007, Paphos, Cyprus,
      June 6-8, 2007, Proceedings},
  series    = {LNCS},
  volume    = {4468},
  publisher = {Springer},
  year      = {2007},
  isbn      = {978-3-540-72919-8},
  timestamp = {Mon, 09 Jul 2007 14:19:43 +0200},
  biburl    = {http://dblp.uni-trier.de/rec/bib/conf/fmoods/2007},
  bibsource = {dblp computer science bibliography, http://dblp.org}
}

@proceedings{DBLP:conf/icfem/2014,
  title     = {Formal Methods and Software Engineering - 16th International Conference
    on Formal Engineering Methods, {ICFEM} 2014, Luxembourg, Luxembourg,
    November 3-5, 2014. Proceedings},
  series    = {LNCS},
  volume    = {8829},
  publisher = {Springer},
  year      = {2014},
  url       = {http://dx.doi.org/10.1007/978-3-319-11737-9},
  doi       = {10.1007/978-3-319-11737-9},
  isbn      = {978-3-319-11736-2},
  timestamp = {Wed, 15 Oct 2014 14:52:05 +0200},
  biburl    = {http://dblp.uni-trier.de/rec/bib/conf/icfem/2014},
  bibsource = {dblp computer science bibliography, http://dblp.org}
}

@proceedings{DBLP:conf/sfm/2011,
  title     = {Formal Methods for Eternal Networked Software Systems - 11th International
    School on Formal Methods for the Design of Computer, Communication
      and Software Systems, {SFM} 2011, Bertinoro, Italy, June
      13-18, 2011.
      Advanced Lectures},
  series    = {LNCS},
  volume    = {6659},
  publisher = {Springer},
  year      = {2011},
  url       = {http://dx.doi.org/10.1007/978-3-642-21455-4},
  doi       = {10.1007/978-3-642-21455-4},
  isbn      = {978-3-642-21454-7},
  timestamp = {Wed, 15 Jun 2011 13:41:56 +0200},
  biburl    = {http://dblp.uni-trier.de/rec/bib/conf/sfm/2011},
  bibsource = {dblp computer science bibliography, http://dblp.org}
}

@proceedings{DBLP:conf/icgi/2012,
  title     = {Proceedings of the Eleventh International Conference on Grammatical
    Inference, {ICGI} 2012, University of Maryland, College Park, USA,
    September 5-8, 2012},
  series    = {{JMLR} Proceedings},
  volume    = {21},
  publisher = {JMLR.org},
  year      = {2012},
  url       = {http://jmlr.org/proceedings/papers/v21/},
  timestamp = {Thu, 11 Sep 2014 07:28:55 +0200},
  biburl    = {http://dblp.uni-trier.de/rec/bib/conf/icgi/2012},
  bibsource = {dblp computer science bibliography, http://dblp.org}
}

@proceedings{DBLP:conf/cav/2000,
  title     = {Computer Aided Verification, 12th International Conference, {CAV}
    2000, Chicago, IL, USA, July 15-19, 2000, Proceedings},
  series    = {LNCS},
  volume    = {1855},
  publisher = {Springer},
  year      = {2000},
  isbn      = {3-540-67770-4},
  timestamp = {Thu, 03 Jan 2002 11:54:21 +0100},
  biburl    = {http://dblp.uni-trier.de/rec/bib/conf/cav/2000},
  bibsource = {dblp computer science bibliography, http://dblp.org}
}

@proceedings{DBLP:conf/tase/2012,
  title     = {Sixth International Symposium on Theoretical Aspects of Software Engineering,
    {TASE} 2012, 4-6 July 2012, Beijing, China},
  publisher = {{IEEE} Computer Society},
  year      = {2012},
  url       = {http://ieeexplore.ieee.org/xpl/mostRecentIssue.jsp?punumber=6269388},
  isbn      = {978-0-7695-4751-0},
  timestamp = {Mon, 01 Dec 2014 19:24:57 +0100},
  biburl    = {http://dblp.uni-trier.de/rec/bib/conf/tase/2012},
  bibsource = {dblp computer science bibliography, http://dblp.org}
}

@proceedings{DBLP:conf/tase/2015,
  title     = {2015 International Symposium on Theoretical Aspects of Software Engineering,
    {TASE} 2015, Nanjing, China, September 12-14, 2015},
  publisher = {{IEEE} Computer Society},
  year      = {2015},
  url       = {http://ieeexplore.ieee.org/xpl/mostRecentIssue.jsp?punumber=7307710},
  isbn      = {978-1-4673-7612-9},
  timestamp = {Mon, 09 Nov 2015 19:02:57 +0100},
  biburl    = {http://dblp.uni-trier.de/rec/bib/conf/tase/2015},
  bibsource = {dblp computer science bibliography, http://dblp.org}
}

@proceedings{DBLP:conf/isola/2014-1,
  title     = {Leveraging Applications of Formal Methods, Verification and Validation.
    Technologies for Mastering Change - 6th International Symposium, ISoLA
      2014, Imperial, Corfu, Greece, October 8-11, 2014,
    Proceedings, Part
    {I}},
  series    = {LNCS},
  volume    = {8802},
  publisher = {Springer},
  year      = {2014},
  url       = {http://dx.doi.org/10.1007/978-3-662-45234-9},
  doi       = {10.1007/978-3-662-45234-9},
  isbn      = {978-3-662-45233-2},
  timestamp = {Fri, 26 Sep 2014 12:50:34 +0200},
  biburl    = {http://dblp.uni-trier.de/rec/bib/conf/isola/2014-1},
  bibsource = {dblp computer science bibliography, http://dblp.org}
}

% ------------------------------------------ JOURNAL ----------------------------------------------

@article{DBLP:journals/iandc/Angluin87,
  author    = {Dana Angluin},
  title     = {Learning Regular Sets from Queries and Counterexamples},
  journal   = {Information and Computation},
  volume    = {75},
  number    = {2},
  pages     = {87--106},
  year      = {1987},
  url       = {http://dx.doi.org/10.1016/0890-5401(87)90052-6},
  doi       = {10.1016/0890-5401(87)90052-6},
  timestamp = {Wed, 06 Jul 2011 21:23:37 +0200},
  biburl    = {http://dblp.uni-trier.de/rec/bib/journals/iandc/Angluin87},
  bibsource = {dblp computer science bibliography, http://dblp.org}
}

@article{DBLP:journals/corr/ChenHLLTWW15,
  author    = {Yu{-}Fang Chen and
    Chiao Hsieh and
      Ondrej Leng{\'{a}}l and
      Tsung{-}Ju Lii and
      Ming{-}Hsien Tsai and
      Bow{-}Yaw Wang
      and
      Farn
      Wang},
  title     = {{PAC} Learning-Based Verification and Model Synthesis},
  journal   = {CoRR},
  volume    = {abs/1511.00754},
  year      = {2015},
  url       = {http://arxiv.org/abs/1511.00754},
  timestamp = {Tue, 01 Dec 2015 19:22:34 +0100},
  biburl    = {http://dblp.uni-trier.de/rec/bib/journals/corr/ChenHLLTWW15},
  bibsource = {dblp computer science bibliography, http://dblp.org}
}

@article{DBLP:journals/mscs/Arbab04,
  author    = {Farhad Arbab},
  title     = {Reo: a channel-based coordination model for component composition},
  journal   = {Mathematical Structures in Computer Science},
  volume    = {14},
  number    = {3},
  pages     = {329--366},
  year      = {2004},
  url       = {http://dx.doi.org/10.1017/S0960129504004153},
  doi       = {10.1017/S0960129504004153},
  timestamp = {Fri, 16 Sep 2005 15:58:30 +0200},
  biburl    = {http://dblp.uni-trier.de/rec/bib/journals/mscs/Arbab04},
  bibsource = {dblp computer science bibliography, http://dblp.org}
}

@article{DBLP:journals/sigsoft/Gill03,
  author    = {Nasib S. Gill},
  title     = {Reusability issues in component-based development},
  journal   = {{ACM} {SIGSOFT} Software Engineering Notes},
  volume    = {28},
  number    = {4},
  pages     = {4},
  year      = {2003},
  url       = {http://doi.acm.org/10.1145/882240.882255},
  doi       = {10.1145/882240.882255},
  timestamp = {Fri, 09 May 2008 13:22:18 +0200},
  biburl    = {http://dblp.uni-trier.de/rec/bib/journals/sigsoft/Gill03},
  bibsource = {dblp computer science bibliography, http://dblp.org}
}

@article{DBLP:journals/scp/BaierSAR06,
  author    = {Christel Baier and
    Marjan Sirjani and
      Farhad Arbab and
      Jan J. M. M. Rutten},
  title     = {Modeling component connectors in Reo by constraint automata},
  journal   = {Science of Computer Programming},
  volume    = {61},
  number    = {2},
  pages     = {75--113},
  year      = {2006},
  url       = {http://dx.doi.org/10.1016/j.scico.2005.10.008},
  doi       = {10.1016/j.scico.2005.10.008},
  timestamp = {Thu, 23 Nov 2006 13:07:56 +0100},
  biburl    = {http://dblp.uni-trier.de/rec/bib/journals/scp/BaierSAR06},
  bibsource = {dblp computer science bibliography, http://dblp.org}
}

@techreport{settles2010active, 
  title={Active learning literature survey}, 
  author={Settles, Burr},
  institution={University of Wisconsin, Madison},
  year={2010} 
} 

@article{DBLP:journals/fmsd/PrabhakarDM015,
  author    = {Pavithra Prabhakar and
    Parasara Sridhar Duggirala and
      Sayan Mitra and
      Mahesh Viswanathan},
  title     = {Hybrid automata-based {CEGAR} for rectangular hybrid systems},
  journal   = {Formal Methods in System Design},
  volume    = {46},
  number    = {2},
  pages     = {105--134},
  year      = {2015},
  url       = {http://dx.doi.org/10.1007/s10703-015-0225-4},
  doi       = {10.1007/s10703-015-0225-4},
  timestamp = {Tue, 12 May 2015 14:21:44 +0200},
  biburl    = {http://dblp.uni-trier.de/rec/bib/journals/fmsd/PrabhakarDM015},
  bibsource = {dblp computer science bibliography, http://dblp.org}
}

@article{DBLP:journals/scp/Kemper12,
  author    = {S. Kemper},
  title     = {SAT-based verification for timed component connectors},
  journal   = {Science of Computer Programming},
  volume    = {77},
  number    = {7-8},
  pages     = {779--798},
  year      = {2012},
  url       = {http://dx.doi.org/10.1016/j.scico.2011.02.003},
  doi       = {10.1016/j.scico.2011.02.003},
  timestamp = {Wed, 09 May 2012 14:28:28 +0200},
  biburl    = {http://dblp.uni-trier.de/rec/bib/journals/scp/Kemper12},
  bibsource = {dblp computer science bibliography, http://dblp.org}
}

@article{DBLP:journals/eceasst/VolpatoT15,
  author    = {Michele Volpato and
    Jan Tretmans},
  title     = {Approximate Active Learning of Nondeterministic Input Output Transition
    Systems},
  journal   = {Electronic Communications of the EASST},
  volume    = {72},
  year      = {2015},
  url       = {http://journal.ub.tu-berlin.de/eceasst/article/view/1008},
  timestamp = {Fri, 11 Dec 2015 11:31:10 +0100},
  biburl    = {http://dblp.uni-trier.de/rec/bib/journals/eceasst/VolpatoT15},
  bibsource = {dblp computer science bibliography, http://dblp.org}
}

@article{DBLP:journals/jcss/Broy14,
  author    = {Manfred Broy},
  title     = {Verifying of interface assertions for infinite state Mealy machines},
  journal   = {Journal of Computer and System Sciences},
  volume    = {80},
  number    = {7},
  pages     = {1298--1322},
  year      = {2014},
  url       = {http://dx.doi.org/10.1016/j.jcss.2014.03.002},
  doi       = {10.1016/j.jcss.2014.03.002},
  timestamp = {Tue, 24 Jun 2014 14:26:40 +0200},
  biburl    = {http://dblp.uni-trier.de/rec/bib/journals/jcss/Broy14},
  bibsource = {dblp computer science bibliography, http://dblp.org}
}


% ------------------------------------------- BOOKS -----------------------------------------------
@book{DBLP:books/ph/Hoare85,
  author    = {C. A. R. Hoare},
  title     = {Communicating Sequential Processes},
  publisher = {Prentice-Hall},
  year      = {1985},
  isbn      = {0-13-153271-5},
  timestamp = {Thu, 03 Jan 2002 11:51:40 +0100},
  biburl    = {http://dblp.uni-trier.de/rec/bib/books/ph/Hoare85},
  bibsource = {dblp computer science bibliography, http://dblp.org}
}

@book{de2010grammatical,
  title     = {Grammatical inference: learning automata and grammars},
  author    = {De la Higuera, Colin},
  year      = {2010},
  publisher = {Cambridge University Press}
}


% ---------------------------------------- WEBSITES -----------------------------------------------
@misc{golang,
  author       = {Google},
  title        = {Google Go},
  howpublished = {\url{https://golang.org/}},
}

@misc{reo-learn-github,
  title        = {Github repository of our implementation},
  howpublished = {\url{https://github.com/liyi-david/reo-learn}},
}
