@inproceedings{DBLP:conf/fase/RaffeltS06,
  author    = {Harald Raffelt and
    Bernhard Steffen},
  title     = {LearnLib: {A} Library for Automata Learning and Experimentation},
  booktitle = {Fundamental Approaches to Software Engineering, 9th International
    Conference, {FASE} 2006, Held as Part of the Joint European Conferences
      on Theory and Practice of Software, {ETAPS} 2006, Vienna,
    Austria,
    March 27-28, 2006, Proceedings},
  pages     = {377--380},
  year      = {2006},
  crossref  = {DBLP:conf/fase/2006},
  url       = {http://dx.doi.org/10.1007/11693017_28},
  doi       = {10.1007/11693017_28},
  timestamp = {Thu, 28 May 2015 17:23:23 +0200},
  biburl    = {http://dblp.uni-trier.de/rec/bib/conf/fase/RaffeltS06},
  bibsource = {dblp computer science bibliography, http://dblp.org}
}

% ------------------------------------- THE PROCEEDINGS -------------------------------------------

@proceedings{DBLP:conf/fase/2006,
  editor    = {Luciano Baresi and
    Reiko Heckel},
  title     = {Fundamental Approaches to Software Engineering, 9th International
    Conference, {FASE} 2006, Held as Part of the Joint European Conferences
      on Theory and Practice of Software, {ETAPS} 2006, Vienna, Austria,
    March 27-28, 2006, Proceedings},
  series    = {Lecture Notes in Computer Science},
  volume    = {3922},
  publisher = {Springer},
  year      = {2006},
  url       = {http://dx.doi.org/10.1007/11693017},
  doi       = {10.1007/11693017},
  isbn      = {3-540-33093-3},
  timestamp = {Thu, 28 May 2015 17:23:23 +0200},
  biburl    = {http://dblp.uni-trier.de/rec/bib/conf/fase/2006},
  bibsource = {dblp computer science bibliography, http://dblp.org}
}

% ------------------------------------------ JOURNAL ----------------------------------------------

@article{DBLP:journals/iandc/Angluin87,
  author    = {Dana Angluin},
  title     = {Learning Regular Sets from Queries and Counterexamples},
  journal   = {Inf. Comput.},
  volume    = {75},
  number    = {2},
  pages     = {87--106},
  year      = {1987},
  url       = {http://dx.doi.org/10.1016/0890-5401(87)90052-6},
  doi       = {10.1016/0890-5401(87)90052-6},
  timestamp = {Wed, 06 Jul 2011 21:23:37 +0200},
  biburl    = {http://dblp.uni-trier.de/rec/bib/journals/iandc/Angluin87},
  bibsource = {dblp computer science bibliography, http://dblp.org}
}
